<?xml version="1.0" encoding="UTF-8"?><collection xmlns="http://www.loc.gov/MARC21/slim"><record><leader>00615nam--2200205-i-4500</leader><controlfield tag="001">000010601</controlfield><controlfield tag="002">20161230</controlfield><controlfield tag="005">20161230201028</controlfield><controlfield tag="008">060222s1000------------r-----000-0-eng-d</controlfield><datafield ind1=" " ind2=" " tag="020"><subfield code="a">306370824</subfield></datafield><datafield ind1=" " ind2=" " tag="040"><subfield code="a">IFIN-HH</subfield></datafield><datafield ind1=" " ind2=" " tag="080"><subfield code="a">061.3:535.215:537.312.5</subfield></datafield><datafield ind1="1" ind2=" " tag="100"><subfield code="a">Biberman, Lucien M</subfield></datafield><datafield ind1="1" ind2="0" tag="245"><subfield code="a">Photoelectronic imaging devices</subfield><subfield code="b">Vol.ii: devices and their evaluation</subfield><subfield code="c">Lucien m. biberman; sol nudelman (eds</subfield></datafield><datafield ind1=" " ind2=" " tag="260"><subfield code="a">London</subfield><subfield code="b">Plenum Press</subfield><subfield code="c">1971</subfield></datafield><datafield ind1=" " ind2=" " tag="300"><subfield code="a">582 P</subfield></datafield><datafield ind1=" " ind2=" " tag="490"><subfield code="a">Optical Physics And Engineering</subfield></datafield><datafield ind1="1" ind2=" " tag="700"><subfield code="a">Nudelman, Sol</subfield><subfield code="e">Ed</subfield></datafield><datafield ind1=" " ind2=" " tag="852"><subfield code="a">38328</subfield><subfield code="c">537:538</subfield></datafield><datafield ind1=" " ind2=" " tag="CAT"><subfield code="a">Sys</subfield><subfield code="c">20110620</subfield><subfield code="h">123042</subfield></datafield></record></collection>